<?xml version="1.0" encoding="UTF-8"?><collection xmlns="http://www.loc.gov/MARC21/slim"><record><leader>00405nam--2200145-i-4500</leader><controlfield tag="001">000034536</controlfield><controlfield tag="002">20161230</controlfield><controlfield tag="005">20161230201040</controlfield><controlfield tag="008">060222s1000------------r-----000-0-eng-d</controlfield><datafield ind1=" " ind2=" " tag="080"><subfield code="a">061.3:539.125.5.081:539.125.52:539.172.4</subfield></datafield><datafield ind1=" " ind2=" " tag="245"><subfield code="a">Neutron standards and flux normalization</subfield></datafield><datafield ind1=" " ind2=" " tag="260"><subfield code="a">Oak Ridge, Tenn.,Usaec.,1971. Xi+525p</subfield></datafield><datafield ind1=" " ind2=" " tag="490"><subfield code="a">Aec Symposium Series</subfield></datafield><datafield ind1=" " ind2=" " tag="700"><subfield code="a">Alan B.Smith</subfield></datafield><datafield ind1=" " ind2=" " tag="852"><subfield code="a">36619</subfield></datafield></record></collection>